@book{DiffInno,
	title={Diffusion of innovations},
	author={Rogers, Everett M},
	year={2010},
	publisher={Simon and Schuster}
}

@book{DiffInno:2,
	author = {Rogers, Everett},
	title = {Diffusions of Innovations (4th Edition)},
	publisher = {The Free Press},
	year = {1995}
}

@inproceedings{song2007identifying,
	title={Identifying opinion leaders in the blogosphere},
	author={Song, Xiaodan and Chi, Yun and Hino, Koji and Tseng, Belle},
	booktitle={Proceedings of the sixteenth ACM conference on Conference on information and knowledge management},
	pages={971--974},
	year={2007},
	organization={ACM}
}

@article{HybSeedDiff,
	title={The diffusion of hybrid seed corn in two Iowa communities},
	author={Ryan, Bryce and Gross, Neal C},
	journal={Rural sociology},
	volume={8},
	number={1},
	pages={15--24},
	year={1943}
}

@MISC{EarlyAdoptMarkDef,
	author = {Education Portal},
	title = {Early Adopters in Marketing: Definition, Lesson \& Quiz},
	year = {2015},
	howpublished = {\url{http://www.webcitation.org/query?url=http%3A%2F%2Fstudy.com%2Facademy%2Flesson%2Fearly-adopters-in-marketing-definition-lesson-quiz.html%23lesson&date=2015-05-13}} 
}

@MISC{AdopteGamble,
	author = {CBS News},
	title = {The Early Adopter's Gamble},
	year = {2007},
	howpublished = {\url{http://www.webcitation.org/query?url=http%3A%2F%2Fwww.cbsnews.com%2Fnews%2Fthe-early-adopters-gamble%2F&date=2015-05-13}}
}

@MISC{SentAnalys,
	author = {Semantria},
	title = {Sentiment Analysis},
	year = {2015},
	howpublished = {\url{http://www.webcitation.org/query?url=https%3A%2F%2Fsemantria.com%2Fsentiment-analysis&date=2015-05-13}}
}

@article{SubDet,
	title={Opinion mining and sentiment analysis},
	author={Pang, Bo and Lee, Lillian},
	journal={Foundations and trends in information retrieval},
	volume={2},
	number={1-2},
	pages={1--135},
	year={2008},
	publisher={Now Publishers Inc.}
}

@inproceedings{SentSubSumm,
	title={A sentimental education: Sentiment analysis using subjectivity summarization based on minimum cuts},
	author={Pang, Bo and Lee, Lillian},
	booktitle={Proceedings of the 42nd annual meeting on Association for Computational Linguistics},
	pages={271},
	year={2004},
	organization={Association for Computational Linguistics}
}

@inproceedings{TwitMon,
	title={Twittermonitor: trend detection over the twitter stream},
	author={Mathioudakis, Michael and Koudas, Nick},
	booktitle={Proceedings of the 2010 ACM SIGMOD International Conference on Management of data},
	pages={1155--1158},
	year={2010},
	organization={ACM}
}

@inproceedings{MonInfMinSoc,
	title={Monitoring Influenza Trends through Mining Social Media.},
	author={Corley, Courtney and Mikler, Armin R and Singh, Karan P and Cook, Diane J},
	booktitle={BIOCOMP},
	pages={340--346},
	year={2009}
}

@MISC{FaceBkOcAcq,
	author = {Facebook},
	title = {Mark Zuckerberg - I'm excited to announce that we've agreed to...},
	year = {2014},
	howpublished = {\url{http://www.webcitation.org/query?url=https%3A%2F%2Fwww.facebook.com%2Fzuck%2Fposts%2F10101319050523971%3Fstream_ref%3D1&date=2015-05-13}}
}

@MISC{FaceBkWatsAp:Acq,
	author = {Facebook},
	title = {Facebook to Acquire WhatsApp},
	year = {2014},
	howpublished = {\url{http://www.webcitation.org/query?url=http%3A%2F%2Fnewsroom.fb.com%2Fnews%2F2014%2F02%2Ffacebook-to-acquire-whatsapp%2F&date=2015-05-13}}
}

@MISC{FaceBkWatsAp:Loss,
	author = {New York Times},
	title = {Facebookâ€™s $21.8 Billion WhatsApp Acquisition Lost $138 Million Last Year},
	year = {2014},
	howpublished = {\url{http://www.webcitation.org/query?url=http%3A%2F%2Fdealbook.nytimes.com%2F2014%2F10%2F28%2Ffacebooks-21-8-billion-acquisition-lost-138-million-last-year%2F&date=2015-05-13}}	
}

@MISC{GuardFacebkStats,
	author = {The Guardian},
	title = {Facebook: 10 years of social networking, in numbers},
	year = {2014},
	howpublished = {\url{http://www.webcitation.org/query?url=http%3A%2F%2Fwww.theguardian.com%2Fnews%2Fdatablog%2F2014%2Ffeb%2F04%2Ffacebook-in-numbers-statistics&date=2015-05-13}}
}

@MISC{TwitAbt,
	author = {Twitter},
	title = {About Twitter Inc.},
	year = {2015},
	howpublished = {\url{https://about.twitter.com/company}}
}

@article{C++Def,
	author = {Stroustrup, Bjarne},
	title = {The C Programming Language},
	year = {2010},
	location = {\url{www.dsm.fordham.edu/~agw/cs2/slides/27_C.pdf}}
}

@MISC{C++Def2,
	author = {Cplusplus.com},
	title = {A Brief Description},
	year = {2014},
	howpublished = {\url{http://www.webcitation.org/query?url=http%3A%2F%2Fwww.cplusplus.com%2Finfo%2Fdescription%2F&date=2015-05-13}}
}

@MISC{C++PointArith,
	author = {Tutorial Point},
	title = {C++ pointer arithmetic},
	year = {2015},
	howpublished = {\url{http://www.webcitation.org/query?url=http%3A%2F%2Fwww.tutorialspoint.com%2Fcplusplus%2Fcpp_pointer_arithmatic.htm&date=2015-05-13}}	
}

@MISC{MemLeakDef,
	author = {ProgrammerInterview.com},
	title = {What is a memory leak in C++, and provide an example?},
	year = {2015},
	howpublished = {\url{http://www.webcitation.org/query?url=http%3A%2F%2Fwww.programmerinterview.com%2Findex.php%2Fc-cplusplus%2Fwhat-is-a-memory-leak-in-c%2F&date=2015-05-13}}
}

@MISC{StartupInvesBenefits,
	author = {Askventure.com},
	title = {Benefits of Investing in a Startup},
	year = {2015},
	howpublished = {\url{http://www.webcitation.org/query?url=http%3A%2F%2Fwww.askventure.com%2Fbenefits-of-investing-in-a-startup%2F&date=2015-05-13}}
}

@MISC{StartupFailure,
	author = {Entrepreneur.com},
	title = {The 7 Due Diligence Basics for Investing in a Startup},
	year = {2014},
	howpublished = {\url{http://www.webcitation.org/query?url=http%3A%2F%2Fwww.entrepreneur.com%2Farticle%2F236277&date=2015-05-13}}
}

@MISC{ManUnmanDiff,
	author = {I-Program.com},
	title = {The War At Microsoft - Managed v Unmanaged},
	year = {2012},
	howpublished = {\url{http://www.webcitation.org/query?url=http%3A%2F%2Fwww.i-programmer.info%2Fprofessional-programmer%2Fi-programmer%2F4026-the-war-at-microsoft-managed-v-unmanaged.html&date=2015-05-13}}
}

@MISC{BrowserOverhead,
	author = {Seriously Trivial.com},
	title = {Turning Web Pages into Standalone Desktop Applications},
	year = {2009},
	howpublished = {\url{http://www.webcitation.org/query?url=http%3A%2F%2Fseriouslytrivial.com%2F2009%2F08%2F26%2Fturning-web-pages-into-standalone-desktop-applications%2F&date=2015-05-13}}
}

@MISC{MobileProcessing,
	author = {TechAdvisory.org},
	title = {Processors: Computer vs mobile},
	year = {2013},
	howpublished = {\url{http://www.webcitation.org/query?url=http%3A%2F%2Fwww.techadvisory.org%2F2013%2F12%2Fprocessors-computer-vs-mobile%2F&date=2015-05-13}}
}

@MISC{LanguageSpeeds,
	author = {alioth},
	title = {Which programs are fastest?},
	year = {2015},
	howpublished = {\url{http://www.webcitation.org/query?url=http%3A%2F%2Fbenchmarksgame.alioth.debian.org%2Fu64%2Fwhich-programs-are-fastest.html&date=2015-05-13}}
}